
@online{FaseNeutro,
  title = {Diferencias entre fase, neutro y tierra},
  author = {Onulec, },
  journaltitle = {Onulec},
  url = {https://www.onulec.com/blog/noticias-sector-electrico/219-diferencias-entre-fase-neutro-y-tierra},
  urldate = {2020-10-06},
  abstract = {Mayorista distribuidor de material eléctrico. Ofrecemos alternativas y soluciones a las necesidades de nuestros clientes. Telf: 959 24 00 94},
  file = {/home/uli/Zotero/storage/HQG2AKX3/219-diferencias-entre-fase-neutro-y-tierra.html},
  langid = {spanish}
}

@inbook{art310-110,
	author = {SECRETARÍA DE ENERGÍA},
	title = {Artículo 310-110},
	booktitle = {NORMA OFICIAL MEXICANA NOM-001-SEDE-2018, INSTALACIONES ELECTRICAS (UTILIZACION).},
	date = {2018},
	OPTurl = {https://cimenl.org.mx/wp-content/uploads/2017/12/Anteproyecto-de-Norma-Oficial-Mexicana-NOM-001-SEDE-2018.pdf},
	OPTurldate = {urldate},
}

@inbook{art200-6,
	author = {SECRETARÍA DE ENERGÍA},
	title = {Artículo 200-6},
	booktitle = {NORMA OFICIAL MEXICANA NOM-001-SEDE-2018, INSTALACIONES ELECTRICAS (UTILIZACION).},
	date = {2018},
	OPTurl = {https://cimenl.org.mx/wp-content/uploads/2017/12/Anteproyecto-de-Norma-Oficial-Mexicana-NOM-001-SEDE-2018.pdf},
	OPTurldate = {urldate},
}

@inbook{art250-119,
	author = {SECRETARÍA DE ENERGÍA},
	title = {Artículo 250-119},
	booktitle = {NORMA OFICIAL MEXICANA NOM-001-SEDE-2018, INSTALACIONES ELECTRICAS (UTILIZACION).},
	date = {2018},
	OPTurl = {https://cimenl.org.mx/wp-content/uploads/2017/12/Anteproyecto-de-Norma-Oficial-Mexicana-NOM-001-SEDE-2018.pdf},
	OPTurldate = {urldate},
}

@inbook{art210-5,
	author = {SECRETARÍA DE ENERGÍA},
	title = {Artículo 210-5},
	booktitle = {NORMA OFICIAL MEXICANA NOM-001-SEDE-2018, INSTALACIONES ELECTRICAS (UTILIZACION).},
	date = {2018},
	OPTurl = {https://cimenl.org.mx/wp-content/uploads/2017/12/Anteproyecto-de-Norma-Oficial-Mexicana-NOM-001-SEDE-2018.pdf},
	OPTurldate = {urldate},
}
