@article{drenickAdaptiveServomechanisms1957,
	title = {Adaptive Servomechanisms},
	author = {Drenick, R. F. and Shahbender, R. A.},
	date = {1957},
	journaltitle = {Transactions of the American Institute of Electrical Engineers, Part II: Applications and Industry},
	shortjournal = {Trans. AIEE, Part II: Applicat. Ind.},
	volume = {76},
	pages = {286--292},
	issn = {0097-2185},
	doi = {10.1109/TAI.1957.6367242},
	url = {http://ieeexplore.ieee.org/document/6367242/},
	urldate = {2020-10-12},
	number = {5}
}
